%%% ====================================================================
%%%  BibTeX-file{
%%%     author          = "Gerry Murray",
%%%     version         = "1.2",
%%%     date            = "2 April 2012",
%%%     filename        = "acmsmall-sample-bibfile.bib",
%%%     address         = "ACM, NY",
%%%     email           = "murray at hq.acm.org",
%%%     codetable       = "ISO/ASCII",
%%%     keywords        = "ACM Reference Format, bibliography, citation, references",
%%%     supported       = "yes",
%%%     docstring       = "This BibTeX database file contains 'bibdata' entries
%%%                        that 'match' the examples provided in the Specifications Document
%%%                        AND, also, 'legacy'-type bibs. It should assist authors in
%%%                        choosing the 'correct' at-bibtype and necessary bib-fields
%%%                        so as to obtain the appropriate ACM Reference Format output.
%%%                        It also contains many 'Standard Abbreviations'. "
%%%  }
%%% ====================================================================

@inproceedings{gates,
 author = {Tiwari, Mohit and Wassel, Hassan M.G. and Mazloom, Bita and Mysore, Shashidhar and Chong, Frederic T. and Sherwood, Timothy},
 title = {Complete Information Flow Tracking from the Gates Up},
 booktitle = {Proceedings of the 14th International Conference on Architectural Support for Programming Languages and Operating Systems},
 series = {ASPLOS XIV},
 year = {2009},
 isbn = {978-1-60558-406-5},
 location = {Washington, DC, USA},
 pages = {109--120},
 numpages = {12},
 url = {http://doi.acm.org/10.1145/1508244.1508258},
 doi = {10.1145/1508244.1508258},
 acmid = {1508258},
 publisher = {ACM},
 address = {New York, NY, USA},
 keywords = {gate level, information flow tracking, provably sound},
}

@inproceedings{microkernel,
 author = {Tiwari, Mohit and Oberg, Jason K. and Li, Xun and Valamehr, Jonathan and Levin, Timothy and Hardekopf, Ben and Kastner, Ryan and Chong, Frederic T. and Sherwood, Timothy},
 title = {Crafting a Usable Microkernel, Processor, and I/O System with Strict and Provable Information Flow Security},
 booktitle = {Proceedings of the 38th Annual International Symposium on Computer Architecture},
 series = {ISCA '11},
 year = {2011},
 isbn = {978-1-4503-0472-6},
 location = {San Jose, California, USA},
 pages = {189--200},
 numpages = {12},
 url = {http://doi.acm.org/10.1145/2000064.2000087},
 doi = {10.1145/2000064.2000087},
 acmid = {2000087},
 publisher = {ACM},
 address = {New York, NY, USA},
 keywords = {gate level information flow tracking, high assurance systems, non-interference},
}

@inproceedings{pift,
 author = {Yoon, Man-Ki and Salajegheh, Negin and Chen, Yin and Christodorescu, Mihai},
 title = {PIFT: Predictive Information-Flow Tracking},
 booktitle = {Proceedings of the Twenty-First International Conference on Architectural Support for Programming Languages and Operating Systems},
 series = {ASPLOS '16},
 year = {2016},
 isbn = {978-1-4503-4091-5},
 location = {Atlanta, Georgia, USA},
 pages = {713--725},
 numpages = {13},
 url = {http://doi.acm.org/10.1145/2872362.2872403},
 doi = {10.1145/2872362.2872403},
 acmid = {2872403},
 publisher = {ACM},
 address = {New York, NY, USA},
 keywords = {information flow tracking, security},
}

@inproceedings{secverilog,
 author = {Zhang, Danfeng and Wang, Yao and Suh, G. Edward and Myers, Andrew C.},
 title = {A Hardware Design Language for Timing-Sensitive Information-Flow Security},
 booktitle = {Proceedings of the Twentieth International Conference on Architectural Support for Programming Languages and Operating Systems},
 series = {ASPLOS '15},
 year = {2015},
 isbn = {978-1-4503-2835-7},
 location = {Istanbul, Turkey},
 pages = {503--516},
 numpages = {14},
 url = {http://doi.acm.org/10.1145/2694344.2694372},
 doi = {10.1145/2694344.2694372},
 acmid = {2694372},
 publisher = {ACM},
 address = {New York, NY, USA},
 keywords = {dependent types, hardware description language, information flow control, timing channels},
}